@ARTICLE:{oss-osh-uavs,
        author = {Burdziakowski, P., Razmjooy, N., Estrela, V., \& Hemanath, J. (2020)},
        year = {2020},
        title = {Open-source software (OSS) and hardware (OSH) in UAVs}
}
